
   <marc:record>
      <marc:leader>     cam a22        4500</marc:leader>
      <marc:controlfield tag="001">437541436</marc:controlfield>
      <marc:controlfield tag="003">DE-576</marc:controlfield>
      <marc:controlfield tag="005">20210416095300.0</marc:controlfield>
      <marc:controlfield tag="007">tu</marc:controlfield>
      <marc:controlfield tag="008">150721s1978    xx |||||      00| ||ger c</marc:controlfield>
      <marc:datafield tag="020" ind1=" " ind2=" ">
         <marc:subfield code="z">:</marc:subfield>
      </marc:datafield>
      <marc:datafield tag="035" ind1=" " ind2=" ">
         <marc:subfield code="a">(DE-627)1507541430</marc:subfield>
      </marc:datafield>
      <marc:datafield tag="035" ind1=" " ind2=" ">
         <marc:subfield code="a">(DE-576)437541436</marc:subfield>
      </marc:datafield>
      <marc:datafield tag="035" ind1=" " ind2=" ">
         <marc:subfield code="a">(DE-599)DNB201723255</marc:subfield>
      </marc:datafield>
      <marc:datafield tag="035" ind1=" " ind2=" ">
         <marc:subfield code="a">(OCoLC)915380845</marc:subfield>
      </marc:datafield>
      <marc:datafield tag="035" ind1=" " ind2=" ">
         <marc:subfield code="a">(OCoLC)915380845</marc:subfield>
      </marc:datafield>
      <marc:datafield tag="040" ind1=" " ind2=" ">
         <marc:subfield code="a">DE-576</marc:subfield>
         <marc:subfield code="b">ger</marc:subfield>
         <marc:subfield code="c">DE-576</marc:subfield>
         <marc:subfield code="e">rakwb</marc:subfield>
      </marc:datafield>
      <marc:datafield tag="041" ind1=" " ind2=" ">
         <marc:subfield code="a">ger</marc:subfield>
      </marc:datafield>
      <marc:datafield tag="044" ind1=" " ind2=" ">
         <marc:subfield code="c">XA-DDDE</marc:subfield>
      </marc:datafield>
      <marc:datafield tag="082" ind1="0" ind2="4">
         <marc:subfield code="a">2304</marc:subfield>
         <marc:subfield code="a">K</marc:subfield>
      </marc:datafield>
      <marc:datafield tag="084" ind1=" " ind2=" ">
         <marc:subfield code="a">AP 85050</marc:subfield>
         <marc:subfield code="2">rvk</marc:subfield>
         <marc:subfield code="0">(DE-625)rvk/8048:</marc:subfield>
      </marc:datafield>
      <marc:datafield tag="245" ind1="1" ind2="0">
         <marc:subfield code="a">Rolle, rolle, Reifen</marc:subfield>
         <marc:subfield code="b">Gymnastik und Spiele ; ein musikalisches Kinderbuch</marc:subfield>
         <marc:subfield code="c">Text: Walter Krumbach. Musik: Hans Sandig. Ill. und grafische Gestaltung: Inge Friebel</marc:subfield>
      </marc:datafield>
      <marc:datafield tag="250" ind1=" " ind2=" ">
         <marc:subfield code="a">1. Aufl.</marc:subfield>
      </marc:datafield>
      <marc:datafield tag="264" ind1=" " ind2="1">
         <marc:subfield code="a">Berlin</marc:subfield>
         <marc:subfield code="b">Lied der Zeit</marc:subfield>
         <marc:subfield code="c">[19]78</marc:subfield>
      </marc:datafield>
      <marc:datafield tag="300" ind1=" " ind2=" ">
         <marc:subfield code="a">[14] Bl.</marc:subfield>
         <marc:subfield code="b">überw. Ill., Notenbeisp.</marc:subfield>
         <marc:subfield code="c">27 cm</marc:subfield>
      </marc:datafield>
      <marc:datafield tag="336" ind1=" " ind2=" ">
         <marc:subfield code="a">Text</marc:subfield>
         <marc:subfield code="b">txt</marc:subfield>
         <marc:subfield code="2">rdacontent</marc:subfield>
      </marc:datafield>
      <marc:datafield tag="337" ind1=" " ind2=" ">
         <marc:subfield code="a">ohne Hilfsmittel zu benutzen</marc:subfield>
         <marc:subfield code="b">n</marc:subfield>
         <marc:subfield code="2">rdamedia</marc:subfield>
      </marc:datafield>
      <marc:datafield tag="338" ind1=" " ind2=" ">
         <marc:subfield code="a">Band</marc:subfield>
         <marc:subfield code="b">nc</marc:subfield>
         <marc:subfield code="2">rdacarrier</marc:subfield>
      </marc:datafield>
      <marc:datafield tag="561" ind1=" " ind2=" ">
         <marc:subfield code="5">DE-32</marc:subfield>
         <marc:subfield code="3">Exemplarsatz-ID: 3909339182, Signatur: KiBu 4 Krumba Rolle</marc:subfield>
         <marc:subfield code="a">Vorbesitz: Jeschke van Vliet Auctions Berlin GmbH ; http://d-nb.info/gnd/1034647423 / Auktionsexemplar</marc:subfield>
      </marc:datafield>
      <marc:datafield tag="561" ind1=" " ind2=" ">
         <marc:subfield code="5">DE-32</marc:subfield>
         <marc:subfield code="3">Exemplarsatz-ID: 3909339182, Signatur: KiBu 4 Krumba Rolle</marc:subfield>
         <marc:subfield code="a">Sammlung: Sammlung Kinder- und Jugendliteratur der DDR ; http://d-nb.info/gnd/1229927050</marc:subfield>
      </marc:datafield>
      <marc:datafield tag="561" ind1=" " ind2=" ">
         <marc:subfield code="5">DE-32</marc:subfield>
         <marc:subfield code="3">Exemplarsatz-ID: 3910799752, Signatur: 309334 - B</marc:subfield>
         <marc:subfield code="a">Vorbesitz: Jeschke van Vliet Auctions Berlin GmbH ; http://d-nb.info/gnd/1034647423 / Auktionsexemplar</marc:subfield>
      </marc:datafield>
      <marc:datafield tag="561" ind1=" " ind2=" ">
         <marc:subfield code="5">DE-32</marc:subfield>
         <marc:subfield code="3">Exemplarsatz-ID: 3910799752, Signatur: 309334 - B</marc:subfield>
         <marc:subfield code="a">Sammlung: Sammlung Kinder- und Jugendliteratur der DDR ; http://d-nb.info/gnd/1229927050</marc:subfield>
      </marc:datafield>
      <marc:datafield tag="591" ind1=" " ind2=" ">
         <marc:subfield code="a">IMD-Felder und 1131 maschinell ergänzt (SWB)</marc:subfield>
      </marc:datafield>
      <marc:datafield tag="700" ind1="1" ind2=" ">
         <marc:subfield code="a">Krumbach, Walter</marc:subfield>
         <marc:subfield code="d">1917-1985</marc:subfield>
         <marc:subfield code="0">(DE-588)10450482X</marc:subfield>
         <marc:subfield code="0">(DE-627)645118427</marc:subfield>
         <marc:subfield code="0">(DE-576)172014247</marc:subfield>
         <marc:subfield code="4">oth</marc:subfield>
      </marc:datafield>
      <marc:datafield tag="700" ind1="1" ind2=" ">
         <marc:subfield code="a">Friebel, Ingeborg</marc:subfield>
         <marc:subfield code="d">1925-1978</marc:subfield>
         <marc:subfield code="0">(DE-588)143553607</marc:subfield>
         <marc:subfield code="0">(DE-627)64676005X</marc:subfield>
         <marc:subfield code="0">(DE-576)337666377</marc:subfield>
         <marc:subfield code="4">oth</marc:subfield>
      </marc:datafield>
      <marc:datafield tag="700" ind1="1" ind2=" ">
         <marc:subfield code="a">Sandig, Hans</marc:subfield>
         <marc:subfield code="d">1914-1989</marc:subfield>
         <marc:subfield code="0">(DE-588)13410563X</marc:subfield>
         <marc:subfield code="0">(DE-627)560882211</marc:subfield>
         <marc:subfield code="0">(DE-576)300315473</marc:subfield>
         <marc:subfield code="4">oth</marc:subfield>
      </marc:datafield>
      <marc:datafield tag="936" ind1="r" ind2="v">
         <marc:subfield code="a">AP 85050</marc:subfield>
         <marc:subfield code="b">Kindertanz</marc:subfield>
         <marc:subfield code="k">Allgemeines</marc:subfield>
         <marc:subfield code="k">Medien- und Kommunikationswissenschaften, Kommunikationsdesign</marc:subfield>
         <marc:subfield code="k">Tanz</marc:subfield>
         <marc:subfield code="k">Volkstanz</marc:subfield>
         <marc:subfield code="k">Kindertanz</marc:subfield>
         <marc:subfield code="0">(DE-627)1270693530</marc:subfield>
         <marc:subfield code="0">(DE-625)rvk/8048:</marc:subfield>
         <marc:subfield code="0">(DE-576)200693530</marc:subfield>
      </marc:datafield>
      <marc:datafield tag="951" ind1=" " ind2=" ">
         <marc:subfield code="a">BO</marc:subfield>
      </marc:datafield>
   </marc:record>