
   <marc:record>
      <marc:leader>     cam a22       c4500</marc:leader>
      <marc:controlfield tag="001">437362698</marc:controlfield>
      <marc:controlfield tag="003">DE-576</marc:controlfield>
      <marc:controlfield tag="005">20170921092318.0</marc:controlfield>
      <marc:controlfield tag="007">tu</marc:controlfield>
      <marc:controlfield tag="008">150720s1924    xx |||||      00| ||ger c</marc:controlfield>
      <marc:datafield tag="035" ind1=" " ind2=" ">
         <marc:subfield code="a">(DE-627)1507362692</marc:subfield>
      </marc:datafield>
      <marc:datafield tag="035" ind1=" " ind2=" ">
         <marc:subfield code="a">(DE-576)437362698</marc:subfield>
      </marc:datafield>
      <marc:datafield tag="035" ind1=" " ind2=" ">
         <marc:subfield code="a">(DE-599)BSZ437362698</marc:subfield>
      </marc:datafield>
      <marc:datafield tag="040" ind1=" " ind2=" ">
         <marc:subfield code="a">DE-576</marc:subfield>
         <marc:subfield code="b">ger</marc:subfield>
         <marc:subfield code="c">DE-576</marc:subfield>
         <marc:subfield code="e">rda</marc:subfield>
      </marc:datafield>
      <marc:datafield tag="041" ind1=" " ind2=" ">
         <marc:subfield code="a">ger</marc:subfield>
      </marc:datafield>
      <marc:datafield tag="245" ind1="1" ind2="0">
         <marc:subfield code="a">Das Wandervogelbuch</marc:subfield>
         <marc:subfield code="n">Zweiter Teil</marc:subfield>
      </marc:datafield>
      <marc:datafield tag="264" ind1=" " ind2="1">
         <marc:subfield code="c">1924</marc:subfield>
      </marc:datafield>
      <marc:datafield tag="300" ind1=" " ind2=" ">
         <marc:subfield code="a">128 Seiten</marc:subfield>
      </marc:datafield>
      <marc:datafield tag="336" ind1=" " ind2=" ">
         <marc:subfield code="a">unbewegtes Bild</marc:subfield>
         <marc:subfield code="b">sti</marc:subfield>
         <marc:subfield code="2">rdacontent</marc:subfield>
      </marc:datafield>
      <marc:datafield tag="337" ind1=" " ind2=" ">
         <marc:subfield code="a">ohne Hilfsmittel zu benutzen</marc:subfield>
         <marc:subfield code="b">n</marc:subfield>
         <marc:subfield code="2">rdamedia</marc:subfield>
      </marc:datafield>
      <marc:datafield tag="338" ind1=" " ind2=" ">
         <marc:subfield code="a">Band</marc:subfield>
         <marc:subfield code="b">nc</marc:subfield>
         <marc:subfield code="2">rdacarrier</marc:subfield>
      </marc:datafield>
      <marc:datafield tag="773" ind1="1" ind2="8">
         <marc:subfield code="w">(DE-627)1505928656</marc:subfield>
         <marc:subfield code="w">(DE-576)435928651</marc:subfield>
         <marc:subfield code="g">Zweiter Teil</marc:subfield>
         <marc:subfield code="q">2</marc:subfield>
         <marc:subfield code="7">|||m</marc:subfield>
      </marc:datafield>
      <marc:datafield tag="951" ind1=" " ind2=" ">
         <marc:subfield code="a">MV</marc:subfield>
      </marc:datafield>
   </marc:record>